@book{koller2009probabilistic,
  title={Probabilistic graphical models: principles and techniques},
  author={Koller, Daphne and Friedman, Nir},
  year={2009},
  publisher={MIT press}
}
@article{hammersley1971markov,
  title={Markov fields on finite graphs and lattices},
  author={Hammersley, John M and Clifford, Peter},
  year={1971}
}
@article{shimony1994finding,
  title={Finding MAPs for belief networks is NP-hard},
  author={Shimony, Solomon Eyal},
  journal={Artificial Intelligence},
  volume={68},
  number={2},
  pages={399--410},
  year={1994},
  publisher={Elsevier}
}
@article{cooper1990computational,
  title={The computational complexity of probabilistic inference using Bayesian belief networks},
  author={Cooper, Gregory F},
  journal={Artificial intelligence},
  volume={42},
  number={2},
  pages={393--405},
  year={1990},
  publisher={Elsevier}
}